@misc{EPRparadox,
author = "Wiki",
title = "https://en.wikipedia.org/wiki/EPR\_paradox",
}
